%% This BibTeX bibliography file was created using BibDesk.
%% http://bibdesk.sourceforge.net/


%% Created for Sida Peng at 2019-08-28 16:45:06 -0400 


%% Saved with string encoding Unicode (UTF-8) 



@unpublished{cite-key,
	Date-Added = {2019-08-28 20:43:54 +0000},
	Date-Modified = {2019-08-28 20:43:54 +0000}}

@unpublished{PatacchiniRainone2012,
	Author = {E. Patacchini and E. Rainone and Y. Zenou},
	Date-Added = {2019-08-28 20:41:16 +0000},
	Date-Modified = {2019-08-28 20:42:07 +0000},
	Note = {CEPR Discussion paper n. 8223},
	Title = {Strong versus Weak Ties in Education},
	Year = {2012}}

@article{Patacchini2012,
	Author = {E. Patacchini and Y. Zenou},
	Doi = {https://doi.org/10.1093/jleo/ewp038},
	Date-Added = {2019-08-28 20:39:47 +0000},
	Date-Modified = {2019-08-28 20:40:36 +0000},
	Journal = {Journal of Law, Economic, and Organization},
	Pages = {1-31},
	Title = {Juvenile delinquency and conformism},
	Volume = {28},
	Year = {2012},
	Bdsk-Url-1 = {https://doi.org/10.1093/jleo/ewp038}}

@article{Fershtman1998,
	Author = {C. Fershtman and Y. Weiss},
	Doi = {https://doi.org/10.1016/S0047-2727(98)00060-7},
	Date-Added = {2019-08-28 20:37:41 +0000},
	Date-Modified = {2019-08-28 20:38:24 +0000},
	Journal = {Journal of Public Economics},
	Number = {53-73},
	Title = {Social rewards, externalities and stable preferences},
	Volume = {70},
	Year = {1998},
	Bdsk-Url-1 = {https://doi.org/10.1016/S0047-2727(98)00060-7}}

@article{Kandel1992,
	Author = {E. Kandel and E.P. Lazear},
	Doi = {https://www.jstor.org/stable/2138688},
	Date-Added = {2019-08-28 20:35:13 +0000},
	Date-Modified = {2019-08-28 20:35:56 +0000},
	Journal = {Journal of\ Political Economy},
	Pages = {801-817},
	Title = {Peer pressure and partnerships},
	Volume = {100},
	Year = {1992},
	Bdsk-Url-1 = {https://www.jstor.org/stable/2138688}}

@article{Kelejian2007,
	Author = {H. Kelejian and I.R. Prucha},
	Doi = {https://doi.org/10.1016/j.jeconom.2006.09.005},
	Date-Added = {2019-08-28 20:33:54 +0000},
	Date-Modified = {2019-08-28 20:34:51 +0000},
	Journal = {Journal of Econometrics},
	Pages = {131-154},
	Title = {HAC Estimation in a Spatial Framework},
	Volume = {140},
	Year = {2007}}

@book{Glaeser2001,
	Author = {E.L. Glaeser and J. Scheinkman},
	Date-Added = {2019-08-28 20:22:44 +0000},
	Date-Modified = {2019-08-28 20:24:13 +0000},
	Journal = {2001},
	Publisher = {Cambridge: MIT},
	Title = {Measuring social interactions}}

@book{Box:1969,
	Author = {M. J. Box and D. Davies and W.H. Swann},
	Year = {1969},
	Publisher = {Oliver \& Boyd},
	Title = {Non-Linear optimisation techniques}}

@article{Glaeser1996,
	Author = {E.L. Glaeser and B. Sacerdote and J. Scheinkman},
	Doi = {https://doi.org/10.2307/2946686},
	Date-Added = {2019-08-28 20:21:36 +0000},
	Date-Modified = {2019-08-28 20:22:28 +0000},
	Journal = {Quarterly Journal of Economics},
	Pages = {508-548},
	Title = {Crime and social interactions},
	Volume = {111},
	Year = {1996}}

@article{Durlauf2004,
	Author = {S.E. Durlauf},
	Date-Added = {2019-08-28 20:19:13 +0000},
	Date-Modified = {2019-08-28 20:20:28 +0000},
	Journal = {Handbook of Regional and Urban\ Economics},
	Pages = {2173-2242},
	Title = {Neighborhood effects},
	Volume = {4},
	Year = {2004}}

@unpublished{Bello2014,
	Author = {C. Del Bello and E. Patacchini and Y. Zenou},
	Date-Added = {2019-08-28 20:18:07 +0000},
	Date-Modified = {2019-08-28 20:18:54 +0000},
	Title = {Social and geographical distance in peer effects},
	Year = {2014}}

@article{Corneo1997,
	Author = {G. Corneo. and J. Olivier},
	Doi = {https://doi.org/10.1016/S0047-2727(97)00016-9},
	Date-Added = {2019-08-28 19:00:16 +0000},
	Date-Modified = {2019-08-28 20:17:57 +0000},
	Journal = {Journal of Public Economics},
	Pages = {55-71},
	Title = {Conspicuous consumption, snobbism and conformism},
	Volume = {66},
	Year = {1997}}

@article{Conley2007,
	Author = {T. G. Conley and F. Molinari},
	Doi = {https://doi.org/10.1016/j.jeconom.2006.09.003},
	Date-Added = {2019-08-28 18:59:23 +0000},
	Date-Modified = {2019-08-28 19:00:13 +0000},
	Journal = {Journal of Econometrics},
	Pages = {76-96},
	Title = {Spatial correlation robust inference with errors in location or distance},
	Volume = {140},
	Year = {2007}}

@article{Clark2007,
	Author = {A.E. Clark and Y. Loheac},
	Doi = {https://doi.org/10.1016/j.jhealeco.2006.11.005},
	Date-Added = {2019-08-28 18:57:12 +0000},
	Date-Modified = {2019-08-28 18:59:01 +0000},
	Journal = {Journal of Health Economics},
	Pages = {763-784},
	Title = {It wasn't me, it was them! Social influence in risky behavior by adolescents},
	Volume = {26},
	Year = {2007}}

@article{Armengol2009,
	Author = {A. Calv\'{o}-Armengol and E. Patacchini and Y. Zenou},
	Doi = {https://doi.org/10.1111/j.1467-937X.2009.00550.x},
	Date-Added = {2019-08-28 18:53:13 +0000},
	Date-Modified = {2019-08-28 18:56:04 +0000},
	Journal = {Review of Economic Studies},
	Number = {1239-1267},
	Title = {Peer effects and social networks in education},
	Volume = {76},
	Year = {2009}}

@article{Bramoull2009,
	Author = {Bramoull\'{e}, Y., Djebbari, H. and B. Fortin},
	Doi = {https://doi.org/10.1016/j.jeconom.2008.12.021},
	Date-Added = {2019-08-28 18:52:22 +0000},
	Date-Modified = {2019-08-28 18:52:56 +0000},
	Journal = {Journal of Econometrics},
	Number = {41-55},
	Title = {Identification of peer effects through social networks},
	Volume = {150},
	Year = {2009}}

@article{Bifulco2011,
	Author = {Bifulco, R. and Fletcher, J.M. and S.L. Ross},
	Doi = {https://www.jstor.org/stable/41238084},
	Date-Added = {2019-08-28 18:51:02 +0000},
	Date-Modified = {2019-08-28 18:51:58 +0000},
	Journal = {American Economic Journal: Economic Policy},
	Pages = {25-53},
	Title = {The effect of classmate characteristics on post-secondary outcomes: Evidence from the Add Health},
	Volume = {3},
	Year = {2011}}

@article{Bernheim1994,
	Author = {Bernheim, B.D},
	Doi = {https://www.jstor.org/stable/2138650},
	Date-Added = {2019-08-28 18:49:39 +0000},
	Date-Modified = {2019-08-28 18:50:18 +0000},
	Journal = {Journal of Political Economy},
	Pages = {841-877},
	Title = {A theory of conformity},
	Volume = {102},
	Year = {1994},
	Bdsk-Url-1 = {https://www.jstor.org/stable/2138650}}

@book{Benhabib2011,
	Author = {Benhabib J. AND Bisin A. and M.O. Jackson (Eds.)},
	Date-Added = {2019-08-28 18:48:57 +0000},
	Date-Modified = {2019-08-28 18:49:30 +0000},
	Publisher = {Amsterdam: Elsevier Science},
	Title = {Handbook of Social Economics},
	Year = {2011}}

@article{Berman2000,
	Author = {Berman, E.},
	Doi = {https://www.jstor.org/stable/2586899},
	Date-Added = {2019-08-28 18:47:43 +0000},
	Date-Modified = {2019-08-28 18:48:31 +0000},
	Journal = {The Quarterly Journal of Economics},
	Number = {3},
	Pages = {905-953},
	Title = {Sect, Subsidy, And Sacrifice: An Economist'S View Of Ultra-Orthodox Jews},
	Volume = {115},
	Year = {2000}}

@article{Altonji2005,
	Author = { Altonji, J. G. and Todd E. Elder and C. R. Tabor},
	Doi = {https://doi.org/10.1086/426036},
	Date-Added = {2019-08-28 18:45:08 +0000},
	Date-Modified = {2019-08-28 18:46:40 +0000},
	Journal = {Journal of Political Economy},
	Title = {Selection on Observed and Unobserved Variables: Assessing the Effectiveness of Catholic Schools},
	Year = {2005}}

@book{Anselin1995,
	Author = {Anselin, L.},
	Date-Added = {2019-08-28 18:43:49 +0000},
	Date-Modified = {2019-08-28 18:44:56 +0000},
	Publisher = {West Virginia University},
	Title = {Spacestat Version 1.80 User's Guide. Regional Research Institute},
	Year = {1995}}

@book{Anselin1988,
	Author = {Anselin, L},
	Date-Added = {2019-08-28 18:41:56 +0000},
	Date-Modified = {2019-08-28 18:42:33 +0000},
	Publisher = {Kluwer Academics},
	Title = {Spatial Econometrics, Methods and Models},
	Year = {1988}}

@article{Akerlof1997,
	Author = {Akerlof, G.A.},
	Doi = {https://doi.org/10.2307/2171877},
	Date-Added = {2019-08-28 18:41:03 +0000},
	Date-Modified = {2019-08-28 18:41:37 +0000},
	Journal = {Econometrica},
	Number = {1005-1027},
	Title = {Social distance and social decisions},
	Volume = {65},
	Year = {1997},
	Bdsk-Url-1 = {https://doi.org/10.2307/2171877}}

@article{Akerlof1980,
	Author = {Akerlof, G.A.},
	Doi = {https://doi.org/10.2307/1885667},
	Date-Added = {2019-08-28 18:39:53 +0000},
	Date-Modified = {2019-08-28 18:40:37 +0000},
	Journal = {Quarterly Journal of Economics},
	Number = {749-775},
	Title = {A theory of social custom of which unemployment may be one consequence},
	Volume = {94},
	Year = {1980},
	Bdsk-Url-1 = {https://doi.org/10.2307/1885667}}

@article{Albouy2014,
	Author = {Albouy, D. and A.R. Hanson},
	Doi = {https://doi.org/10.1086/675588},
	Date-Added = {2019-08-28 18:36:41 +0000},
	Date-Modified = {2019-08-28 18:37:33 +0000},
	Journal = {Tax Policy and the Economy},
	Pages = {63-96},
	Number = {1},
	Title = {Tax Benefits to Housing and Inefficiency in Location and Housing Consumption},
	Volume = {28},
	Year = {2014}}

@incollection{More:1978,
	Author = {J.J. More},
	Booktitle = {Lecture Notes in Mathematics 630: Numerical Analysis},
	Editor = {G.A. Watson},
	Pages = {105--116},
	Publisher = {The Sage Publications},
	Title = {The Levenberg-Marquardt algorithm: implementation and theory},
	Year = {1978}}

@incollection{Hsieh:2020,
	Author = {ChihSheng Hsieh and Xu Lin and Eleonora Patacchini},
	Booktitle = {The Handbook of Labor, Human Resources and Population},
	Editor = {Klaus Zimmerman},
	Note = {Forthcoming.},
	Publisher = {Springer Nature},
	Title = {Social Interaction Methods},
	Year = {2020}}

@incollection{An:2011,
	Address = {London},
	Author = {Weihua An},
	Booktitle = {The Sage Handbook of Social Network Analysis},
	Chapter = {34},
	Editor = {John Scott and Peter J. Carrington},
	Pages = {514--532},
	Publisher = {The Sage Publications},
	Title = {Models and Methods to Identify Peer Effects},
	Year = {2011}}

@article{An:2015a,
	Author = {Weihua An},
	Doi = {10.1016/j.ssresearch.2014.08.011},
	Journal = {Social Science Research},
	Pages = {382--394},
	Title = {Instrumental Variables Estimates of Peer Effects in Social Networks},
	Volume = {50},
	Year = {2015},
	Bdsk-Url-1 = {http://dx.doi.org/10.1016/j.ssresearch.2014.08.011}}

@article{An:2015b,
	Author = {Weihua An},
	Doi = {10.1016/j.socnet.2015.03.006},
	Journal = {Social Networks},
	Pages = {48--56},
	Title = {Multilevel Meta Network Analysis with Application to Studying Network Dynamics of Network Interventions},
	Volume = {43},
	Year = {2015},
	Bdsk-Url-1 = {http://dx.doi.org/10.1016/j.socnet.2015.03.006}}

@manual{keyplayer,
	Author = {Weihua An and Yu-Hsin Liu},
	Note = {\proglang{R}~package version~1.0-3},
	Title = {\pkg{keyplayer}: An R package for Locating Key Players in Social Networks},
	Url = {https://cran.r-project.org/web/packages/keyplayer/},
	Year = {2016},
	Bdsk-Url-1 = {https://cran.r-project.org/web/packages/keyplayer/}}

@article{An+Liu:2016,
	Author = {Weihua An and Yu-Hsin Liu},
	Doi = {10.32614/RJ-2016-018},
	Journal = {The R Journal},
	Number = {1},
	Pages = {257--268},
	Title = {keyplayer: An R package for Locating Key Players in Social Networks},
	Volume = {8},
	Year = {2016},
	Bdsk-Url-1 = {http://dx.doi.org/10.32614/RJ-2016-018}}

@article{Anselin:1990,
	Author = {Luc Anselin},
	Doi = {10.1111/j.1467-9787.1990.tb00092.x},
	Journal = {Journal of Regional Science},
	Number = {2},
	Pages = {185--207},
	Title = {Spatial Dependence and Spatial Structural Instability in Applied Regression Analysis},
	Volume = {30},
	Year = {1990},
	Bdsk-Url-1 = {http://dx.doi.org/10.1111/j.1467-9787.1990.tb00092.x}}

@article{Apicella+Marlowe+Fowler+Christakis:2012,
	Author = {Coren L. Apicella and Frank W. Marlowe and James H. Fowler and Nicholas A. Christakis},
	Doi = {10.1038/nature10736},
	Journal = {Nature},
	Number = {7382},
	Pages = {497},
	Title = {Social Networks and Cooperation in Hunter-Gatherers},
	Volume = {481},
	Year = {2012},
	Bdsk-Url-1 = {http://dx.doi.org/10.1038/nature10736}}

@article{Attanasio+Barr+Cardenas+Genicot+Meghir:2012,
	Author = {Orazio Attanasio and Abigail Barr and Juan Camilo Cardenas and Garance Genicot and Costas Meghir},
	Doi = {10.1257/app.4.2.134},
	Journal = {American Economic Journal: Applied Economics},
	Number = {2},
	Pages = {134--167},
	Title = {Risk Pooling, Risk Preferences, and Social Networks},
	Volume = {4},
	Year = {2012},
	Bdsk-Url-1 = {http://dx.doi.org/10.1257/app.4.2.134}}

@article{Ballester+Armengol+Zenou:2006,
	Author = {Coralio Ballester and Antoni Calv{\'o}-Armengol and Yves Zenou},
	Doi = {10.1111/j.1468-0262.2006.00709.x},
	Journal = {Econometrica},
	Number = {5},
	Pages = {1403--1417},
	Title = {Who's Who in Networks. Wanted: The Key Player},
	Volume = {74},
	Year = {2006},
	Bdsk-Url-1 = {http://dx.doi.org/10.1111/j.1468-0262.2006.00709.x}}

@incollection{Batagelj:2003,
	Address = {Berlin},
	Author = {Vladimir Batagelj and Andrej Mrvar},
	Booktitle = {Graph Drawing Software},
	Chapter = {3},
	Editor = {Michael J{\"{o}}nger and Petra Mutzel},
	Pages = {77--103},
	Publisher = {Springer-Verlag},
	Title = {\proglang{Pajek} - Analysis and Visualization of Large Networks},
	Year = {2003}}

@article{Battaglini+Patacchini:2018,
	Author = {Marco Battaglini and Eleonora Patacchini},
	Doi = {10.1086/700074},
	Journal = {Journal of Political Economy},
	Number = {6},
	Pages = {2277--2322},
	Title = {Influencing Connected Legislators},
	Volume = {126},
	Year = {2018},
	Bdsk-Url-1 = {http://dx.doi.org/10.1086/700074}}

@article{Battaglini+Sciabolazza+Patacchini:2020,
	Author = {Marco Battaglini and Valerio {Leone Sciabolazza} and Eleonora Patacchini},
	Doi = {10.1111/ajps.12518},
	Journal = {American Journal of Political Science},
	Number = {4},
	Pages = {739--756},
	Title = {Effectiveness of Connected Legislators},
	Year = {2020},
	Volume = {64},
	Bdsk-Url-1 = {https://doi.org/10.1111/ajps.12518}}

@manual{spdep,
	Author = {Roger Bivand and Micah Altman and Luc Anselin and Renato Assun{\c{c}}{\~{a}}o and Olaf Berke and Andrew Bernat and Guillaume Blanchet and Eric Blankmeyer and Marilia Carvalho and Bjarke Christensen and Yongwan Chun and Carsten Dormann and St{\'e}phane Dray and Virgilio G{\'o}mez-Rubio and Martin Gubri and Rein Halbersma and Elias Krainski and Pierre Legendre and Nicholas Lewin-Koh and Hongfei Li and Jielai Ma and Abhirup Mallik and Giovanni Millo and Werner Mueller and Hisaji Ono and Pedro Peres-Neto and Gianfranco Piras and Markus Reder and Michael Tiefelsdorf and Ren{\'e} Westerholt and Danlin Yu},
	Note = {\proglang{R}~package version~0.7.7},
	Title = {\pkg{spdep}: Spatial Dependence: Weighting Schemes, Statistics and Models},
	Url = {https://cran.r-project.org/web/packages/spdep/},
	Year = {2018},
	Bdsk-Url-1 = {https://cran.r-project.org/web/packages/spdep/}}

@article{Bonacich:1972,
	Author = {Phillip Bonacich},
	Doi = {10.1080/0022250X.1972.9989806},
	Journal = {Journal of mathematical sociology},
	Number = {1},
	Pages = {113--120},
	Title = {Factoring and Weighting Approaches to Status Scores and Clique Identification},
	Volume = {2},
	Year = {1972},
	Bdsk-Url-1 = {http://dx.doi.org/10.1080/0022250X.1972.9989806}}

@article{Bonacich:1987,
	Author = {Phillip Bonacich},
	Doi = {10.1086/228631},
	Journal = {American journal of sociology},
	Number = {5},
	Pages = {1170--1182},
	Title = {Power and Centrality: A Family of Measures},
	Volume = {92},
	Year = {1987},
	Bdsk-Url-1 = {http://dx.doi.org/10.1086/228631}}

@article{Heckman:1979,
	Author = {J. Heckman},
	Doi = {10.2307/1912352},
	Journal = {Econometrica},
	Number = {1},
	Pages = {153--161},
	Title = {Sample Selection Bias as a Specification Error},
	Volume = {47},
	Year = {1979},
	Bdsk-Url-1 = {http://dx.doi.org/10.2307/1912352}}

@manual{bbmle,
	Author = {Ben Bolker},
	Note = {\proglang{R}~package version~1.0-20},
	Title = {\pkg{bbmle}: Tools for General Maximum Likelihood Estimation},
	Url = {https://cran.r-project.org/web/packages/bbmle/},
	Year = {2017},
	Bdsk-Url-1 = {https://cran.r-project.org/web/packages/bbmle/}}

@manual{sna,
	Author = {Carter Butts},
	Note = {\proglang{R}~package version~2.4},
	Title = {\pkg{sna}: Tools for Social Network Analysis},
	Url = {https://cran.r-project.org/web/packages/sna/},
	Year = {2016},
	Bdsk-Url-1 = {https://cran.r-project.org/web/packages/sna/}}

@manual{igraph,
	Author = {Gabor Cs{\'a}rdi},
	Note = {\proglang{R}~package version~1.2-1},
	Title = {\pkg{igraph}: Network Analysis and Visualization},
	Url = {https://cran.r-project.org/web/packages/igraph/},
	Year = {2018},
	Bdsk-Url-1 = {https://cran.r-project.org/web/packages/igraph/}}

@manual{minpack.lm,
	Author = {Timur V. Elzhov and Katharine M. Mullen and Andrej-Nikolai Spiess and Ben Bolker},
	Note = {\proglang{R}~package version~1.2-1},
	Title = {\pkg{ minpack.lm}: \proglang{R} Interface to the Levenberg-Marquardt Nonlinear Least-Squares Algorithm Found in MINPACK, Plus Support for Bounds},
	Url = {https://cran.r-project.org/web/packages/ minpack.lm/},
	Year = {2016},
	Bdsk-Url-1 = {https://cran.r-project.org/web/packages/%20minpack.lm/}}

@article{Fafchamps+Gubert:2007,
	Author = {Marcel Fafchamps and Flore Gubert},
	Doi = {10.1016/j.jdeveco.2006.05.005},
	Journal = {Journal of development Economics},
	Number = {7},
	Pages = {326--350},
	Title = {The Formation of Risk Sharing Networks},
	Volume = {82},
	Year = {2007},
	Bdsk-Url-1 = {http://dx.doi.org/10.1016/j.jdeveco.2006.05.005}}

@article{Fafchamps+Leij+Goyal:2010,
	Author = {Marcel Fafchamps and Marco J. Leij and Sanjeev Goyal},
	Doi = {10.1111/j.1542-4774.2010.tb00500.x},
	Journal = {Journal of the European Economic Association},
	Number = {1},
	Pages = {203--231},
	Title = {Matching and Network Effects},
	Volume = {8},
	Year = {2010},
	Bdsk-Url-1 = {http://dx.doi.org/10.1111/j.1542-4774.2010.tb00500.x}}

@article{GPI:2013,
	Author = {Paul Goldsmith-Pinkham and Guido W. Imbens},
	Doi = {10.1080/07350015.2013.801251},
	Journal = {Journal of Business \& Economic Statistics},
	Number = {3},
	Pages = {253--264},
	Title = {Social Networks and the Identification of Peer Effects},
	Volume = {31},
	Year = {2013},
	Bdsk-Url-1 = {http://dx.doi.org/10.1080/07350015.2013.801251}}

@article{Johnnson+Moon:2019,
	Author = {Ida Johnnson and Hyungsik R. Moon},
	Doi = {10.1162/rest_a_00870},
	Journal = {The Review of Economics and Statistics},
	Note = {Forthcoming},
	Title = {Estimation of peer effects in endogenous social networks: control function approach},
	Year = {2019},
	Bdsk-Url-1 = {https://doi.org/10.1162/rest_a_00870}}

@article{Graham:2015,
	Author = {Bryan S. Graham},
	Doi = {10.1146/annurev-economics-080614-115611},
	Journal = {Annual Review of Economics},
	Number = {1},
	Pages = {465--485},
	Title = {Methods of Identification in Social Networks},
	Volume = {7},
	Year = {2015},
	Bdsk-Url-1 = {http://dx.doi.org/10.1146/annurev-economics-080614-115611}}

@article{Graham:2016,
	Author = {Bryan S. Graham},
	Doi = {10.3982/ECTA12679},
	Journal = {Econometrica},
	Number = {4},
	Pages = {1033--1063},
	Title = {An Econometric Model of Network Formation with Degree Heterogeneity},
	Volume = {85},
	Year = {2016},
	Bdsk-Url-1 = {http://dx.doi.org/10.3982/ECTA12679}}

@manual{statnet,
	Author = {Mark S. Handcock and David R. Hunter and Carter T. Butts and Steven M. Goodreau and Pavel N. Krivitsky and Skye Bender-deMoll and Martina Morris},
	Note = {\proglang{R}~package version~2016.9},
	Title = {\pkg{statnet}: Software Tools for the Statistical Analysis of Network Data},
	Url = {https://cran.r-project.org/web/packages/statnet/},
	Year = {2016},
	Bdsk-Url-1 = {https://cran.r-project.org/web/packages/statnet/}}

@article{CSL:2016,
	Author = {Chih‐Sheng Hsieh and Lungfei Lee},
	Doi = {10.1002/jae.2426},
	Journal = {Journal of Applied Econometrics},
	Number = {2},
	Pages = {301--319},
	Title = {A Social Interactions model with Endogenous Friendship Formation and Selectivity},
	Volume = {31},
	Year = {2016},
	Bdsk-Url-1 = {http://dx.doi.org/10.1002/jae.2426}}

@book{Jackson:2010,
	Address = {Princeton},
	Editor = {Matthew M. Jackson},
	Publisher = {Princeton university press},
	Title = {Social and Economic Networks.},
	Year = {2010}}

@book{LeSage:2009,
	Editor = {J. LeSage and R. K. Pace},
	Publisher = {Chapman and Hall/CRC},
	Title = {Introduction to spatial econometrics.},
	Year = {2009}}

@article{Jackson+Rogers+Zenou:2017,
	Author = {Matthew O. Jackson and Brian W. Rogers and Yves Zenou},
	Doi = {10.1257/jel.20150694},
	Journal = {Journal of Economic Literature},
	Number = {1},
	Pages = {49--95},
	Title = {The Economic Consequences of Social-Network Structure},
	Volume = {55},
	Year = {2017},
	Bdsk-Url-1 = {http://dx.doi.org/10.1257/jel.20150694}}

@article{Katz:1953,
	Author = {Leo Katz},
	Doi = {10.1007/BF02289026},
	Journal = {Psychometrica},
	Number = {1},
	Pages = {39--43},
	Title = {A New Status Index Derived from Sociometric Analysis},
	Volume = {18},
	Year = {1953},
	Bdsk-Url-1 = {http://dx.doi.org/10.1007/BF02289026}}

@article{Lai+Reiter:2017,
	Author = {Brian Lai and Dan Reiter},
	Doi = {10.1177/0022002700044002003},
	Journal = {Journal of Conflict Resolution},
	Number = {2},
	Pages = {203--227},
	Title = {Democracy, Political Similarity, and International Alliances, 1816-1992},
	Volume = {44},
	Year = {2017},
	Bdsk-Url-1 = {http://dx.doi.org/10.1177/0022002700044002003}}

@manual{btergm,
	Author = {Philip Leifeld and Skyler J. Cranmer and Bruce A. Desmarais},
	Note = {\proglang{R}~package version~1.9.1},
	Title = {\pkg{btergm}: Temporal Exponential Random Graph Models by Bootstrapped Pseudolikelihood},
	Url = {https://cran.r-project.org/web/packages/btergm/},
	Year = {2018},
	Bdsk-Url-1 = {https://cran.r-project.org/web/packages/btergm/}}

@manual{xergm,
	Author = {Philip Leifeld and Skyler J. Cranmer and Bruce A. Desmarais},
	Note = {\proglang{R}~package version~1.8.2},
	Title = {\pkg{xergm}: Extensions of Exponential Random Graph Models},
	Url = {https://cran.r-project.org/web/packages/xergm/},
	Year = {2018},
	Bdsk-Url-1 = {https://cran.r-project.org/web/packages/xergm/}}

@article{Manski:1993,
	Author = {Charles F. Manski},
	Doi = {10.2307/2298123},
	Journal = {The review of economic studies},
	Number = {3},
	Pages = {531--542},
	Title = {Identification of Endogenous Social Effects: The Reflection Problem},
	Volume = {60},
	Year = {1993},
	Bdsk-Url-1 = {http://dx.doi.org/10.2307/2298123}}

@article{Mayer+Puller:2008,
	Author = {Adalbert Mayer and Steven L. Puller},
	Doi = {10.1016/j.jpubeco.2007.09.001},
	Journal = {Journal of public economics},
	Number = {1},
	Pages = {329--347},
	Title = {The Old Boy (and Girl) Network: Social Network Formation on University Campuses},
	Volume = {92},
	Year = {2008},
	Bdsk-Url-1 = {http://dx.doi.org/10.1016/j.jpubeco.2007.09.001}}

@article{Qu+Lee:2015,
	Author = {Xi Qu and Lungfei Lee},
	Doi = {10.1016/j.jeconom.2014.08.008},
	Journal = {Journal of Econometrics},
	Number = {2},
	Pages = {209--232},
	Title = {Estimating a spatial autoregressive model with an endogenous spatial weight matrix},
	Volume = {184},
	Year = {2015},
	Bdsk-Url-1 = {https://doi.org/10.1016/j.jeconom.2014.08.008}}

@manual{splm,
	Author = {Giovanni Millo and Gianfranco Piras},
	Note = {\proglang{R}~package version~1.4-10},
	Title = {\pkg{splm}: Econometric Models for Spatial Panel Data},
	Url = {https://cran.r-project.org/web/packages/splm/},
	Year = {2017},
	Bdsk-Url-1 = {https://cran.r-project.org/web/packages/splm/}}

@manual{tnet,
	Author = {Tore Opsahl},
	Note = {\proglang{R}~package version~3.0.14},
	Title = {\pkg{tnet}: Software for Analysis of Weighted, Two-Mode, and Longitudinal Networks},
	Url = {https://cran.r-project.org/web/packages/tnet/},
	Year = {2015},
	Bdsk-Url-1 = {https://cran.r-project.org/web/packages/tnet/}}

@manual{Python,
	Address = {Wilmington DE, USA},
	Author = {{\proglang{Python} Software Foundation}},
	Organization = {\proglang{Python} Software Foundation},
	Title = {\proglang{Python}: Language Reference, Version 2.7.15},
	Url = {https://www.python.org/psf/},
	Year = {2018},
	Bdsk-Url-1 = {https://www.python.org/psf/}}

@manual{R,
	Address = {Vienna, Austria},
	Author = {{\proglang{R} Core Team}},
	Organization = {\proglang{R} Foundation for Statistical Computing},
	Title = {\proglang{R}: {A} Language and Environment for Statistical Computing},
	Url = {https://www.R-project.org/},
	Year = {2017},
	Bdsk-Url-1 = {https://www.R-project.org/}}

@manual{hergm,
	Author = {Michael Schweinberger and Mark S. Handcock and Pamela Luna},
	Note = {\proglang{R}~package version~3.2-1},
	Title = {\pkg{hergm}: Hierarchical Exponential-Family Random Graph Models},
	Url = {https://cran.r-project.org/web/packages/hergm/},
	Year = {2018},
	Bdsk-Url-1 = {https://cran.r-project.org/web/packages/hergm/}}

@manual{Stata,
	Address = {College Station, TX, USA},
	Author = {{StataCorp.}},
	Organization = {StataCorp LLC},
	Title = {\proglang{Stata}: Stata Statistical Software: Release 15},
	Url = {https://www.stata.com/},
	Year = {2017},
	Bdsk-Url-1 = {https://www.stata.com/}}

@manual{MATLAB,
	Address = {Natick (MA), USA},
	Author = {{The MathWorks Inc}},
	Organization = {The MathWorks, Inc},
	Title = {\proglang{MATLAB} The Language of Technical Computing, Version 7.5},
	Url = {https://www.mathworks.com/products/MATLAB/},
	Year = {2007},
	Bdsk-Url-1 = {https://www.mathworks.com/products/MATLAB/}}

@incollection{VanderWeele+An:2013,
	Address = {New York},
	Author = {Tyler J. VanderWeele and Weihua An},
	Booktitle = {Handbook of Causal Analysis for Social Research},
	Chapter = {17},
	Editor = {Stephen Morgan},
	Pages = {353--374},
	Publisher = {Springer},
	Title = {Social Networks and Causal Inference},
	Year = {2013}}

@book{Wasserman+Faust:1994,
	Address = {Cambridge},
	Author = {Stanley Wasserman and Katherine Faust},
	Edition = {1st},
	Publisher = {Cambridge University Press},
	Title = {Social Network Analysis: Methods and Applications},
	Year = {1994}}

@incollection{Zenou:2016,
	Address = {Oxford},
	Author = {Yves Zenou},
	Booktitle = {Oxford Handbook on the Economics of Networks},
	Chapter = {10},
	Editor = {Yann Bramoull\'e and Andrea Galeotti and Brian Rogers},
	Pages = {244--274},
	Publisher = {Oxford University Press},
	Title = {Key Players},
	Year = {2016}}
