@Manual{econet,
  title = {\pkg{econet}: Estimation of Parameter-Dependent Network Centrality Measures},
  author = {Marco Battaglini and Leone Sciabolazza, Valerio and Eleonora Patacchini and Sida Peng},
  year = {2021},
  note = {\proglang{R}~package version~0.1.94},
  url = {https://CRAN.R-project.org/package=econet},
}

@TechReport{PatacchiniRainone2012,
  author = {E. Patacchini and E. Rainone and Y. Zenou},
  institution = {CEPR},
  type = {Discussion paper},
  number = {8223},
  title = {Strong versus Weak Ties in Education},
  year = {2012},
}

@Article{Patacchini2012,
  author = {E. Patacchini and Y. Zenou},
  doi = {10.1093/jleo/ewp038},
  journal = {Journal of Law, Economic, and Organization},
  pages = {1--31},
  title = {Juvenile Delinquency and Conformism},
  volume = {28},
  year = {2012},
}

@Article{Fershtman1998,
  author = {C. Fershtman and Y. Weiss},
  doi = {10.1016/s0047-2727(98)00060-7},
  journal = {Journal of Public Economics},
  pages = {53--73},
  title = {Social Rewards, Externalities and Stable Preferences},
  volume = {70},
  number = {1},
  year = {1998},
}

@Article{Kandel1992,
  author = {E. Kandel and E. P. Lazear},
  journal = {Journal of Political Economy},
  pages = {801--817},
  title = {Peer Pressure and Partnerships},
  volume = {100},
  year = {1992},
}

@Book{Box:1969,
  author = {M. J. Box and D. Davies and W. H. Swann},
  year = {1969},
  publisher = {Oliver \& Boyd},
  title = {Non-Linear Optimisation Techniques},
}

@Article{Armengol2009,
  author = {A. Calv{\'o}-Armengol and E. Patacchini and Y. Zenou},
  doi = {10.1111/j.1467-937x.2009.00550.x},
  journal = {Review of Economic Studies},
  pages = {1239--1267},
  title = {Peer Effects and Social Networks in Education},
  volume = {76},
  number = {4},
  year = {2009},
}

@Article{Bernheim1994,
  author = {B. D Bernheim},
  journal = {Journal of Political Economy},
  pages = {841--877},
  title = {A Theory of Conformity},
  volume = {102},
  year = {1994},
}

@Article{Akerlof1997,
  author = {G. A. Akerlof},
  doi = {10.2307/2171877},
  journal = {Econometrica},
  pages = {1005--1027},
  title = {Social Distance and Social Decisions},
  volume = {65},
  number = {5},
  year = {1997},
}

@Article{Akerlof1980,
  author = {G. A. Akerlof},
  doi = {10.2307/1885667},
  journal = {Quarterly Journal of Economics},
  pages = {749--775},
  title = {A Theory of Social Custom of Which Unemployment May Be One Consequence},
  volume = {94},
  number = {4},
  year = {1980},
}

@InCollection{More:1978,
  author = {J. J. More},
  booktitle = {Lecture Notes in Mathematics 630: Numerical Analysis},
  editor = {G. A. Watson},
  pages = {105--116},
  publisher = {The Sage Publications},
  title = {The Levenberg-Marquardt Algorithm: Implementation and Theory},
  year = {1978},
}

@InCollection{Hsieh:2020,
  author = {ChihSheng Hsieh and Xu Lin and Eleonora Patacchini},
  booktitle = {The Handbook of Labor, Human Resources and Population},
  editor = {Klaus Zimmerman},
  pages = {1--30},
  publisher = {Springer-Verlag},
  title = {Social Interaction Methods},
  year = {2020},
}

@InCollection{An:2011,
  address = {London},
  author = {Weihua An},
  booktitle = {The Sage Handbook of Social Network Analysis},
  chapter = {34},
  editor = {John Scott and Peter J. Carrington},
  pages = {514--532},
  publisher = {The Sage Publications},
  title = {Models and Methods to Identify Peer Effects},
  year = {2011},
}

@Article{An:2015a,
  author = {Weihua An},
  doi = {10.1016/j.ssresearch.2014.08.011},
  journal = {Social Science Research},
  pages = {382--394},
  title = {Instrumental Variables Estimates of Peer Effects in Social Networks},
  volume = {50},
  year = {2015},
}

@Article{An:2015b,
  author = {Weihua An},
  doi = {10.1016/j.socnet.2015.03.006},
  journal = {Social Networks},
  pages = {48--56},
  title = {Multilevel Meta Network Analysis with Application to Studying Network Dynamics of Network Interventions},
  volume = {43},
  year = {2015},
}

@Manual{keyplayer,
  author = {Weihua An and Yu-Hsin Liu},
  note = {\proglang{R}~package version~1.0-3},
  title = {\pkg{keyplayer}: An \proglang{R}~package for Locating Key Players in Social Networks},
  url = {https://CRAN.R-project.org/package=keyplayer},
  year = {2016},
}

@Article{An+Liu:2016,
  author = {Weihua An and Yu-Hsin Liu},
  doi = {10.32614/rj-2016-018},
  journal = {The \proglang{R}~Journal},
  number = {1},
  pages = {257--268},
  title = {\pkg{keyplayer}: An \proglang{R}~package for Locating Key Players in Social Networks},
  volume = {8},
  year = {2016},
}

@Article{Anselin:1990,
  author = {Luc Anselin},
  doi = {10.1111/j.1467-9787.1990.tb00092.x},
  journal = {Journal of Regional Science},
  number = {2},
  pages = {185--207},
  title = {Spatial Dependence and Spatial Structural Instability in Applied Regression Analysis},
  volume = {30},
  year = {1990},
}

@Article{Apicella+Marlowe+Fowler+Christakis:2012,
  author = {Coren L. Apicella and Frank W. Marlowe and James H. Fowler and Nicholas A. Christakis},
  doi = {10.1038/nature10736},
  journal = {Nature},
  number = {7382},
  pages = {497},
  title = {Social Networks and Cooperation in Hunter-Gatherers},
  volume = {481},
  year = {2012},
}

@Article{Attanasio+Barr+Cardenas+Genicot+Meghir:2012,
  author = {Orazio Attanasio and Abigail Barr and Juan Camilo Cardenas and Garance Genicot and Costas Meghir},
  doi = {10.1257/app.4.2.134},
  journal = {American Economic Journal: Applied Economics},
  number = {2},
  pages = {134--167},
  title = {Risk Pooling, Risk Preferences, and Social Networks},
  volume = {4},
  year = {2012},
}

@Article{Ballester+Armengol+Zenou:2006,
  author = {Coralio Ballester and Antoni Calv{\'o}-Armengol and Yves Zenou},
  doi = {10.1111/j.1468-0262.2006.00709.x},
  journal = {Econometrica},
  number = {5},
  pages = {1403--1417},
  title = {Who's Who in Networks. Wanted: The Key Player},
  volume = {74},
  year = {2006},
}

@InCollection{Batagelj:2003,
  address = {Berlin},
  author = {Vladimir Batagelj and Andrej Mrvar},
  booktitle = {Graph Drawing Software},
  chapter = {3},
  editor = {Michael J{\"o}nger and Petra Mutzel},
  pages = {77--103},
  publisher = {Springer-Verlag},
  title = {\proglang{Pajek} -- Analysis and Visualization of Large Networks},
  year = {2003},
}

@Article{Battaglini+Patacchini:2018,
  author = {Marco Battaglini and Eleonora Patacchini},
  doi = {10.1086/700074},
  journal = {Journal of Political Economy},
  number = {6},
  pages = {2277--2322},
  title = {Influencing Connected Legislators},
  volume = {126},
  year = {2018},
}

@Article{Battaglini+Sciabolazza+Patacchini:2020,
  author = {Marco Battaglini and Valerio {Leone Sciabolazza} and Eleonora Patacchini},
  doi = {10.1111/ajps.12518},
  journal = {American Journal of Political Science},
  number = {4},
  pages = {739--756},
  title = {Effectiveness of Connected Legislators},
  year = {2020},
  volume = {64},
}

@Manual{spdep,
  author = {Roger Bivand},
  note = {\proglang{R}~package version~1.2-4},
  title = {\pkg{spdep}: Spatial Dependence: Weighting Schemes, Statistics},
  url = {https://CRAN.R-project.org/package=spdep},
  year = {2022},
}

@Article{Bonacich:1972,
  author = {Phillip Bonacich},
  doi = {10.1080/0022250x.1972.9989806},
  journal = {Journal of Mathematical Sociology},
  number = {1},
  pages = {113--120},
  title = {Factoring and Weighting Approaches to Status Scores and Clique Identification},
  volume = {2},
  year = {1972},
}

@Article{Bonacich:1987,
  author = {Phillip Bonacich},
  doi = {10.1086/228631},
  journal = {American Journal of Sociology},
  number = {5},
  pages = {1170--1182},
  title = {Power and Centrality: A Family of Measures},
  volume = {92},
  year = {1987},
}

@Article{Heckman:1979,
  author = {J. Heckman},
  doi = {10.2307/1912352},
  journal = {Econometrica},
  number = {1},
  pages = {153--161},
  title = {Sample Selection Bias as a Specification Error},
  volume = {47},
  year = {1979},
}

@Manual{bbmle,
  author = {Ben Bolker and {\proglang{R}~Core Team}},
  note = {\proglang{R}~package version~1.0-24},
  title = {\pkg{bbmle}: Tools for General Maximum Likelihood Estimation},
  url = {https://CRAN.R-project.org/package=bbmle},
  year = {2021},
}

@Article{sna,
  author	= {Carter T. Butts},
  title		= {Social Network Analysis with \pkg{sna}},
  journal	= {Journal of Statistical Software},
  year		= {2008},
  volume	= {24},
  number	= {6},
  pages		= {1--51},
  doi		= {10.18637/jss.v024.i06}
}

@Article{igraph,
  title =	 {The \pkg{igraph} Software Package for Complex
                  Network Research},
  author =	 {G{\'a}abor Cs{\'a}rdi and Tam{\'a}s Nepusz},
  journal =	 {InterJournal},
  volume =	 {Complex Systems},
  number =	 {1695},
  pages =	 {1--9},
  year =	 {2006},
}

@Manual{minpack.lm,
  author = {Timur V. Elzhov and Katharine M. Mullen and Andrej-Nikolai Spiess and Ben Bolker},
  note = {\proglang{R}~package version~1.2-2},
  title = {\pkg{minpack.lm}: \proglang{R} Interface to the Levenberg-Marquardt Nonlinear Least-Squares Algorithm Found in \pkg{MINPACK}, Plus Support for Bounds},
  url = {https://CRAN.R-project.org/package=minpack.lm},
  year = {2022},
}

@Article{Fafchamps+Gubert:2007,
  author = {Marcel Fafchamps and Flore Gubert},
  doi = {10.1016/j.jdeveco.2006.05.005},
  journal = {Journal of Development Economics},
  number = {7},
  pages = {326--350},
  title = {The Formation of Risk Sharing Networks},
  volume = {82},
  year = {2007},
}

@Article{Fafchamps+Leij+Goyal:2010,
  author = {Marcel Fafchamps and Marco J. Leij and Sanjeev Goyal},
  doi = {10.1111/j.1542-4774.2010.tb00500.x},
  journal = {Journal of the European Economic Association},
  number = {1},
  pages = {203--231},
  title = {Matching and Network Effects},
  volume = {8},
  year = {2010},
}

@Article{GPI:2013,
  author = {Paul Goldsmith-Pinkham and Guido W. Imbens},
  doi = {10.1080/07350015.2013.801251},
  journal = {Journal of Business \& Economic Statistics},
  number = {3},
  pages = {253--264},
  title = {Social Networks and the Identification of Peer Effects},
  volume = {31},
  year = {2013},
}

@Article{Johnnson+Moon:2019,
  author = {Ida Johnnson and Hyungsik R. Moon},
  doi = {10.1162/rest_a_00870},
  journal = {The Review of Economics and Statistics},
  title = {Estimation of Peer Effects in Endogenous Social Networks: Control Function Approach},
  year = {2021},
  volume = {103},
  number = {2},
  page = {328--345},
}

@Article{Graham:2015,
  author = {Bryan S. Graham},
  doi = {10.1146/annurev-economics-080614-115611},
  journal = {Annual Review of Economics},
  number = {1},
  pages = {465--485},
  title = {Methods of Identification in Social Networks},
  volume = {7},
  year = {2015},
}

@Article{Graham:2016,
  author = {Bryan S. Graham},
  doi = {10.3982/ecta12679},
  journal = {Econometrica},
  number = {4},
  pages = {1033--1063},
  title = {An Econometric Model of Network Formation with Degree Heterogeneity},
  volume = {85},
  year = {2016},
}

@Article{statnet,
  author	= {Steven M. Goodreau and Mark S. Handcock and David R. Hunter and Carter T. Butts and Martina Morris},
  title		= {A \pkg{statnet} Tutorial},
  journal	= {Journal of Statistical Software},
  year		= {2008},
  volume	= {24},
  number	= {9},
  pages		= {1--26},
  doi		= {10.18637/jss.v024.i09}
}

@Article{CSL:2016,
  author = {Chih-Sheng Hsieh and Lungfei Lee},
  doi = {10.1002/jae.2426},
  journal = {Journal of Applied Econometrics},
  number = {2},
  pages = {301--319},
  title = {A Social Interactions Model with Endogenous Friendship Formation and Selectivity},
  volume = {31},
  year = {2016},
}

@Book{Jackson:2010,
  author = {Matthew O. Jackson},
  publisher = {Princeton University Press},
  title = {Social and Economic Networks},
  year = {2010},
}

@Book{LeSage:2009,
  editor = {J. LeSage and R. K. Pace},
  publisher = {Chapman \& Hall/CRC},
  title = {Introduction to Spatial Econometrics},
  year = {2009},
}

@Article{Jackson+Rogers+Zenou:2017,
  author = {Matthew O. Jackson and Brian W. Rogers and Yves Zenou},
  doi = {10.1257/jel.20150694},
  journal = {Journal of Economic Literature},
  number = {1},
  pages = {49--95},
  title = {The Economic Consequences of Social-Network Structure},
  volume = {55},
  year = {2017},
}

@Article{Katz:1953,
  author = {Leo Katz},
  doi = {10.1007/bf02289026},
  journal = {Psychometrica},
  number = {1},
  pages = {39--43},
  title = {A New Status Index Derived from Sociometric Analysis},
  volume = {18},
  year = {1953},
}

@Article{Lai+Reiter:2017,
  author = {Brian Lai and Dan Reiter},
  doi = {10.1177/0022002700044002003},
  journal = {Journal of Conflict Resolution},
  number = {2},
  pages = {203--227},
  title = {Democracy, Political Similarity, and International Alliances, 1816--1992},
  volume = {44},
  year = {2017},
}

@Article{btergm,
  title = {Temporal Exponential Random Graph Models with \pkg{btergm}: Estimation and Bootstrap Confidence Intervals},
  author = {Philip Leifeld and Skyler J. Cranmer and Bruce A. Desmarais},
  journal = {Journal of Statistical Software},
  year = {2018},
  volume = {83},
  number = {6},
  pages = {1--36},
  doi = {10.18637/jss.v083.i06},
}

@Manual{xergm,
  author = {Philip Leifeld and Skyler J. Cranmer and Bruce A. Desmarais},
  note = {\proglang{R}~package version~1.8.3},
  title = {\pkg{xergm}: Extensions of Exponential Random Graph Models},
  url = {https://CRAN.R-project.org/src/contrib/Archive/xergm/},
  year = {2018},
}

@Article{Manski:1993,
  author = {Charles F. Manski},
  doi = {10.2307/2298123},
  journal = {The Review of Economic Studies},
  number = {3},
  pages = {531--542},
  title = {Identification of Endogenous Social Effects: The Reflection Problem},
  volume = {60},
  year = {1993},
}

@Article{Mayer+Puller:2008,
  author = {Adalbert Mayer and Steven L. Puller},
  doi = {10.1016/j.jpubeco.2007.09.001},
  journal = {Journal of Public Economics},
  number = {1},
  pages = {329--347},
  title = {The Old Boy (and Girl) Network: Social Network Formation on University Campuses},
  volume = {92},
  year = {2008},
}

@Article{Qu+Lee:2015,
  author = {Xi Qu and Lungfei Lee},
  doi = {10.1016/j.jeconom.2014.08.008},
  journal = {Journal of Econometrics},
  number = {2},
  pages = {209--232},
  title = {Estimating a Spatial Autoregressive Model with an Endogenous Spatial Weight Matrix},
  volume = {184},
  year = {2015},
}

@Article{splm,
  author	= {Giovanni Millo and Gianfranco Piras},
  title		= {\pkg{splm}: Spatial Panel Data Models in \proglang{R}},
  journal	= {Journal of Statistical Software},
  year		= {2012},
  volume	= {47},
  number	= {1},
  pages		= {1--38},
  doi		= {10.18637/jss.v047.i01}
}

@PhdThesis{tnet,
  title = {Structure and Evolution of Weighted Networks},
  author = {Tore Opsahl},
  year = {2009},
  school = {University of London (Queen Mary College)},
  address = {London},
  pages = {104--122},
  url = {http://toreopsahl.com/publications/thesis/},
}

@Manual{Python,
  author = {Van Rossum, Guido and others},
  title = {\proglang{Python} Programming Language},
  url =	 {https://www.python.org/},
  year = {2011}
}

@Manual{R,
  address = {Vienna},
  author = {{\proglang{R} Core Team}},
  organization = {\proglang{R} Foundation for Statistical Computing},
  title = {\proglang{R}: {A} Language and Environment for Statistical Computing},
  url = {https://www.R-project.org/},
  year = {2021},
}

@Article{hergm,
  title = {\pkg{hergm}: Hierarchical Exponential-Family Random Graph Models},
  author = {Michael Schweinberger and Pamela Luna},
  journal = {Journal of Statistical Software},
  year = {2018},
  volume = {85},
  number = {1},
  pages = {1--39},
  doi = {10.18637/jss.v085.i01},
}

@Manual{Stata,
  title =	 {\proglang{Stata} Statistical Software: Release~15},
  author =	 {{StataCorp}},
  organization = {StataCorp LLC},
  address =	 {College Station},
  year =	 {2017},
  url =		 {http://www.stata.com/},
}


@Manual{MATLAB,
  author =	 {{The MathWorks, Inc.}},
  title =	 {\proglang{MATLAB} -- {T}he Language of Technical
                  Computing, Version~7.5},
  year =	 2011,
  organization = {The MathWorks, Inc.},
  address =	 {Natick},
  url =		 {http://www.mathworks.com/products/matlab/}
}

@InCollection{VanderWeele+An:2013,
  address = {New York},
  author = {Tyler J. VanderWeele and Weihua An},
  booktitle = {Handbook of Causal Analysis for Social Research},
  chapter = {17},
  editor = {Stephen Morgan},
  pages = {353--374},
  publisher = {Springer-Verlag},
  title = {Social Networks and Causal Inference},
  year = {2013},
}

@Book{Wasserman+Faust:1994,
  address = {Cambridge},
  author = {Stanley Wasserman and Katherine Faust},
  edition = {1st},
  publisher = {Cambridge University Press},
  title = {Social Network Analysis: Methods and Applications},
  year = {1994},
}

@InCollection{Zenou:2016,
  address = {Oxford},
  author = {Yves Zenou},
  booktitle = {Oxford Handbook on the Economics of Networks},
  chapter = {10},
  editor = {Yann Bramoull{\'e} and Andrea Galeotti and Brian Rogers},
  pages = {244--274},
  publisher = {Oxford University Press},
  title = {Key Players},
  year = {2016},
}
